
@article{dodd2007,
	title = {{Theoretical analysis of epigenetic cell memory by nucleosome modification}},
 	author = {Ian B. Dodd and others},
 	journal = {Cell},
 	pages = {813-822},
 	volume = {129},
	year = {2007}}
 %author = {Ian B. Dodd and Mille A. Micheelsen and Kim Sneppen and Genevi\'eve Thon},
 
@article{michieletto2016,
 	title = {{A polymer model with epigenetic recolouring reveals a pathway for the de novo establishment and 3D organization of chromatin domains}},
	author = {D. Michieletto and E. Orlandini and D. Marenduzzo},
	journal = {Phys. Rev. X},
	pages = {041047},
	volume = {6},
	year = {2016}}

@article{strahl2000,
	title = {{The language of covalent histone modifications}},
	author = {Brian D. Strahl and C. David Allis},
	journal = {Nature},
	pages = {41-45},
	volume = {403},
	year = {2000}}

@article{kremer1990,
	title = {{Dynamics of entangled linear polymer melts: a molecular-dynamics simulation}},
	author = {Kurt Kremer and Gary S. Grest},
	journal = {J. Chem. Phys.},
	pages = {5057-5086},
	volume = {92},
	year = {1990}}

@article{brackley2016,
	title = {{Simulated binding of transcription factors to active and inactive regions folds human chromosomes into loops, rosettes and topological domains}},
	author = {Chris A. Brackley and others},
	journal = {Nucleic Acids Res.},
	pages = {3503-3512},
	volume = {44},
	year = {2016}}
	%author = {Chris A. Brackley and James Johnson and Steven Kelly and Peter R. Cook and Davide Marenduzzo}

@article{knaak2006,
	title = {{Histone H4-K16 acetylation controls chromatin structure and protein interactions}},
	author = {Michael Shogren-Knaak and others},
	journal = {Science},
	pages = {844-847},
	volume = {311},
	year = {2006}}
	%author = {Michael Shogren-Knaak and Haruhiko Ishii and Jian-Min Sun and Michael J. Pazin and James R. Davie and Craig L. Peterson},

@article{probst2009,
	title = {{Epigenetic inheritance during the cell cycle}},
	author = {Aline V. Probst and Elaine Dunleavy and Genevi\'eve Almouzni},
	journal = {Nat. Rev. Mol. Cell Biol.},
	pages = {192-204},
	volume = {10},
	year = {2009}}

@article{chen2005,
	title = {{Maintenance and regulation of DNA methylation patterns in mammals}},
	author = {Zhao-Xia Chen and Arthur D. Riggs},
	journal = {Biochem. Cell Biol.},
	pages = {438-448},
	volume = {83},
	year = {2005}}
	
@article{zhang2014,
	title = {{Statistical mechanics model for the dynamics of collective epigeentic histone modification}},
	author = {Hang Zhang and others},
	journal = {Phys. Rev. Lett.},
	pages = {068101},
	volume = {112},
	year = {2014}}
	%author = {Hang Zhang and Xiao-Jun Tian and Abhishek Mukhopadhyay and K. S. Kim and Jianhua Xing},
	
@article{jost2014,
	title = {{Bifurcation in epigenetics: implications in development, proliferation, and diseases}},
	author = {Daniel Jost},
	journal = {Phys. Rev. E},
	pages = {010701},
	volume = {89},
	year = {2014}}

@article{sneppen2008,
	title = {{Ultrasensitive gene regulation by positive feedback loops in nucleosome modification}},
	author = {Kim Sneppen and Mille A. Micheelsen and Ian B. Dodd},
	journal = {Mol. Syst. Biol.},
	pages = {182},
	volume = {4},
	year = {2008}}
	
@article{mirny2011,
	title = {{The fractal globule as a model of chromatin architecture in the cell}},
	author = {Leonid A. Mirny},
	journal = {Chromosome Res.},
	pages = {37-51},
	volume = {19},
	year = {2011}}
	
@article{rosa2008,
	title = {{Structure and dynamics of interphase chromosomes}},
	author = {Angelo Rosa and Ralf Everaers},
	journal = {PLoS Comput. Biol.},
	pages = {1},
	volume = {4},
	year = {2008}}
	
@book{DNABook,
	title = {{Understanding DNA}},
	author = {Chris R. Calladine and others},
	edition = {3rd},
	publisher = {Elsevier Academic Press},
	year = {2004}}

@article{shahbazian2007,
	title = {{Functions of site-specific histone acetylation and deacetylation}},
	author = {Mona D. Shahbazian and Michael Grunstein},
	journal = {Annu. Rev. Biochem.},
	pages = {75-100},
	volume = {76},
	year = {2007}}
	
@article{sawicka2014,
	title = {{Sensing core histone phosphorylation - a matter of perfect timing}},
	author = {Anna Sawicka and Christian Seiser},
	journal = {Biochim. Biophys. Acta},
	pages = {711-718},
	volume = {1839},
	year = {2014}}

@article{greer2012,
	title = {{Histone methylation: a dynamic mark in health, disease and inheritance}},
	author = {Eric L. Greer and Yang Shi},
	journal = {Nat. Rev. Genet.},
	pages = {343-357},
	volume = {13},
	year = {2012}}

@article{zentner2013,
	title = {{Regulation of nucleosome dynamics by histone modifications}},
	author = {Gabriel E. Zentner and Steven Henikoff},
	journal = {Nat. Struct. Mol. Biol.},
	pages = {259-266},
	volume = {20},
	year = {2013}}

@article{ruthenburgh2007,
	title = {{Methylation of lysine 4 on histone H3: intricacy of writing and reading a single epigenetic mark}},
	author = {Alexander J. Ruthenburgh and C. David Allis and Joanna Wysocka},
	journal = {Mol. Cell},
	pages = {15-30},
	volume = {25},
	year = {2007}}

@article{avner2001,
	title = {{X-chromosome inactivation: counting, choice, and initiation}},
	author = {Philip Avner and Edith Heard},
	journal = {Nat. Rev. Genet.},
	pages = {59-67},
	volume = {2},
	year = {2001}}

@article{heard2001,
	title = {{Methylation of histone H3 at Lys-9 is an early mark on the X chromosome during X inactivation}},
	author = {Edith Heard and others},
	journal = {Cell},
	pages = {727-738},
	volume = {107},
	year = {2001}}

@article{nicodemi2007,
	title = {{Symmetry-breaking model for X-chromosome inactivation}},
	author = {Mario Nicodemi and Atonella Prisco},
	journal = {Phys. Rev. Lett.},
	pages = {108104},
	volume = {98},
	year = {2007}}
	
@article{hathaway2012,
	title = {{Dynamics and memory of heterochromatin in living cells}},
	author = {Nathaniel A. Hathaway and others},
	journal = {Cell},
	pages = {1447-1460},
	volume = {149},
	year = {2012}}

@article{cortini2016,
	title = {{The physics of epigenetics}},
	author = {Ruggero Cortini and others},
	journal = {Rev. Mod. Phys.},
	pages = {025002},
	volume = {88},
	year = {2016}}

@article{brackley2013,
	title = {{Nonspecific bridging-induced attraction drives clustering of DNA-binding proteins and genome organization}},
	author = {Chris A. Brackley and others},
	journal = {Proc. Natl. Acad. Sci. U.S.A.},
	pages = {3605-3611},
	volume = {110},
	year = {2013}}
	
@article{humphrey1996,
	title = {{VMD: Visual molecular dynamics}},
	author = {William Humphrey and Andrew Dalke and Klaus Schulten},
	journal = {J. Mol. Graph.},
	pages = {33-38},
	volume = {14},
	year = {1996}}

@article{weeks1971,
	title = {{Role of repulsive forces in determining the equilibrium structure of simple liquids}},
	author = {John D. Weeks and David Chandler},
	journal = {J. Chem. Phys.},
	pages = {5237-5247},
	volume = {54},
	year = {1971}}

@article{aumann2006,
	title = {{Monte Carlo simulation of chromatin stretching}},
	author = {Frank Aumann and others},
	journal = {Phys. Rev. E},
	pages = {041927},
	volume = {73},
	year = {2006}}

@article{dekker2002,
	title = {{Capturing chromosome conformation}},
	author = {Job Dekker and others},
	journal = {Science},
	pages = {1306-1311},
	volume = {295},
	year = {2002}}
	
@article{bystricky2004,
	title = {{Long-range compaction and flexibility of interphase chromatin in budding yeast analyzed by high-resolution imaging techniques}},
	author = {Kerstin Bystricky and others},
	journal = {Proc. Natl. Acad. Sci. U.S.A.},
	pages = {16495-16500},
	volume = {101},
	year = {2004}}

@phdthesis{michielettoThesis,
	Author = {Davide Michieletto},
	School = {University of Warwick},
	Title = {Topological Interactions in Ring Polymers},
	Year = {2016}}
	
@article{brumley2014,
	title = {{Metachronal waves in the flagellar beating of Volvox and their hydrodynamic origin}},
	author = {Douglas B. Brumley and others},
	journal = {J. R. Soc. Interface},
	pages = {20141358},
	volume = {12},
	year = {2014}}

@book{polymerbook,
	title = {{Polymer solutions: an introduction to physical properties}},
	author = {Iwao Teraoka},
	edition = {1st},
	publisher = {Wiley-Interscience},
	year = {2002}}

@article{moore1977,
	title = {{Theory of the polymer coil-globule transition}},
	author = {M. A. Moore},
	journal = {J. Phys. A: Math. Gen.},
	pages = {305-314},
	volume = {10},
	year = {1977}}
	
@article{sanchez1979,
	title = {{Phase transition behavior of the isolated polymer chain}},
	author = {Issac C. Sanchez},
	journal = {Macromolecules},
	pages = {980-988},
	volume = {12},
	year = {1979}}
	
@article{binder1981,
	title = {{Critical properties from Monte Carlo coarse graining and renormalization}},
	author = {K. Binder},
	journal = {Phys. Rev. Lett.},
	pages = {693-696},
	volume = {47},
	year = {1981}}
	
@book{binder2010,
	title = {{Monte Carlo simulation in statistical physics - an introduction}},
	author = {Kurt Binder and Dieter W. Heermann},
	edition = {5th},
	publisher = {Springer},
	year = {2010}}

@article{gennes1985,
	title = {{Kinetics of collapse for a flexible coil}},
	author = {P.-G. de Gennes},
	journal = {J. Phys. Lett.},
	pages = {639-642},
	volume = {46},
	year = {1985}}

@article{sarge2005,
	title = {{Gene bookmarking: keeping the pages open}},
	author = {Kevin D. Sarge and Ok-Kyong Park -Sarge},
	journal = {Trends Biochem. Sci.},
	pages = {605-610},
	volume = {11},
	year = {2005}}
	
@article{aiden2009,
	title = {{Comprehensive mapping of long-range interactions reveals folding principles of the human genome}},
	author = {Erez Lieberman-Aiden and others},
	journal = {Science},
	pages = {289-293},
	volume = {326},
	year = {2009}}
	
@article{dixon2012,
	title = {{Topological domains in mammalian genomes identified by analysis of chromatin interactions}},
	author = {Jesse R. Dixon and others},
	journal = {Nature},
	pages = {376-380},
	volume = {485},
	year = {2012}}

@book{molcellbiobook,
	title = {{Molecular Biology of the Cell}},
	author = {Bruce Alberts and others},
	edition = {6th},
	publisher = {Garland Science},
	pages = {936-940},
	year = {2015}}

@article{goloborodko2016a,
	title = {{Compaction and segregation of sister chromatids via active loop extrusion}},
	author = {Anton Goloborodko and others},
	journal = {eLife},
	pages = {e14864},
	volume = {2016},
	year = {2016}}

@article{goloborodko2016b,
	title = {{Chromosome Compaction by Active Loop Extrusion}},
	author = {Anton Goloborodko and John F. Marko and Leonid A Mirny},
	journal = {Biophys. J.},
	pages = {2162-2168},
	volume = {110},
	year = {2016}}

@article{rosa2005,
	title = {{Chromatin modifier enzymes, the histone code and cancer}},
	author = {Helena Santos-Rosa and Carlos Caldas},
	journal = {Eur. J. Cancer},
	pages = {2381-2402},
	volume = {41},
	year = {2005}}
	
@article{ferrell2012,
	title = {{Bistability, bifurcations, and Waddington's epigenetic landscape}},
	author = {James E. Ferrell},
	journal = {Curr. Biol.},
	pages = {R458-R466},
	volume = {22},
	year = {2012}}

@article{boettiger2016,
	title = {{Super-resolution imaging reveals distinct chromatin folding for different epigenetic states}},
	author = {Alistair N. Boettiger and others},
	journal = {Nature},
	pages = {418-422},
	volume = {529},
	year = {2016}}

@article{sexton2012,
	title = {{Three-dimensional folding and functional organization principles of the Drosophila genome}},
	author = {Tom Sexton and others},
	journal = {Cell},
	pages = {458-472},
	volume = {148},
	year = {2012}}

@article{cook2002,
	title = {{Predicting three-dimensional genome structure from transcriptional activity}},
	author = {Peter R. Cook},
	journal = {Nat. Genet.},
	pages = {347-352},
	volume = {32},
	year = {2002}}


	

