%% This BibTeX bibliography file was created using BibDesk.
%% http://bibdesk.sourceforge.net/

%% Created for Richard Blythe at 2016-12-27 16:47:56 +0000 


%% Saved with string encoding Unicode (UTF-8) 



@misc{wk:cmbr,
	Date-Added = {2016-12-27 16:44:07 +0000},
	Date-Modified = {2016-12-27 16:47:56 +0000},
	Note = {\url{http://en.wikipedia.org/wiki/Cosmic_microwave_background}. Accessed 1st Jan 2017},
	Title = {Cosmic microwave background, {Wikipedia}}}

@mastersthesis{mphys:renton,
	Author = {J Renton},
	Date-Added = {2016-12-27 15:03:12 +0000},
	Date-Modified = {2016-12-27 15:08:32 +0000},
	School = {University of Edinburgh},
	Title = {The effect of population structure on spontaneous dialect formation},
	Year = {2016}}

@phdthesis{phd:blythe,
	Author = {R A Blythe},
	Date-Added = {2016-12-27 15:01:33 +0000},
	Date-Modified = {2016-12-27 15:02:03 +0000},
	School = {University of Edinburgh},
	Title = {Nonequilibrium phase transitions and dynamical scaling regimes},
	Year = {2001}}

@book{ob:bornwolf,
	Author = {Born, M and Wolf, E},
	Edition = {7th},
	Publisher = {Cambridge University Press},
	Title = {Principles of Optics},
	Year = 1999}

@book{ob:goodmanfourier,
	Author = {Goodman, J.W.},
	Edition = {2nd},
	Publisher = {MaGraw-Hill},
	Title = {Introduction to Fourier Optics},
	Year = 1996}

@book{ob:hechtoptics,
	Author = {Hecht, E.},
	Edition = {4th},
	Publisher = {Addison-Wesley},
	Title = {Optics},
	Year = 1998}

@book{ob:longhurst,
	Author = {Longhurst, R.S.},
	Edition = {3rd},
	Note = {out of print},
	Publisher = Longman,
	Title = {Geometrical and Physical Optics},
	Year = 1973}

@book{ob:fowles,
	Author = {Fowles, G.F},
	Edition = {2nd},
	Publisher = {Longman},
	Title = {Introduction to Modern Optics},
	Year = {1987}}

@book{ob:guenther,
	Author = {Guenther, R},
	Publisher = {Wiley},
	Title = {Modern Optics},
	Year = 1990}

@book{ob:kleinfurtak,
	Author = {Klein M.V. and Furtak, T.E.},
	Edition = 2,
	Publisher = {Wiley},
	Title = {Optics},
	Year = 1986}

@book{ob:kingslake,
	Author = {Kingslake, R},
	Publisher = {Academic Press},
	Title = {Lens Design Fundamentals},
	Year = 1978}

@book{ob:welford,
	Author = {Welford W.T.},
	Publisher = {Academic Press},
	Title = {Abrrations of the Symmetrical Optical System},
	Year = 1974}

@article{jr:ashkin,
	Author = {A. Ashkin and J.M. Dziedzic and J.E. Bjorkholm and S. Chu},
	Journal = {Optics Letters},
	Pages = {288-290},
	Title = {Observation of a single beam gradient force optical tap for dielectric particles},
	Volume = 11,
	Year = 1986}

@article{jr:dholakia,
	Author = {K. Dholakia and G. Spalding and M. MacDonald},
	Journal = {Physics World},
	Month = 10,
	Title = {Optical tweezers: the next generation},
	Volume = 15,
	Year = 2002}

@article{jr:block,
	Author = {S.M. Block and H.C. Blair and H.C. Berg},
	Journal = {Nature},
	Pages = {514-516},
	Title = {Compliance of bacterial flagella measured with optical tweezers},
	Volume = {388},
	Year = 1989}

@article{jr:dammann,
	Author = {H. Dammann and K. Gortler},
	Journal = {Optics Communiation},
	Pages = {312-318},
	Title = {High-efficiency in-line multiple imaging by means of multiple phase holograms},
	Volume = 3,
	Year = 1971}

@inproceedings{seger,
	Author = {J. Seger and H.J. Brockman},
	Booktitle = {Oxford Surveys in Evolutionary Biology},
	Editors = {P.H. Harvey and L. Partridge},
	Page = {18},
	Place = {Oxford},
	Publisher = {Oxford University Press},
	Title = {What is bet-hedging?},
	Year = {1987}}
